<?xml version="1.0" encoding="UTF-8"?>
<record xmlns="http://www.loc.gov/MARC21/slim">
   <leader>01340nas a22003857a 4500</leader>
   <controlfield tag="001">000040331238</controlfield>
   <controlfield tag="003">CaOOAMICUS</controlfield>
   <controlfield tag="005">20120403135235.0</controlfield>
   <controlfield tag="008">120308c200u9999abc x4p      s0   b0fre  </controlfield>
   <datafield tag="016" ind1=" " ind2=" ">
      <subfield code="a">20128001291 </subfield>
   </datafield>
   <datafield tag="022" ind1="0" ind2=" ">
      <subfield code="a">1928-7054</subfield>
   </datafield>
   <datafield tag="040" ind1=" " ind2=" ">
      <subfield code="a">CaOONL</subfield>
      <subfield code="b">fre</subfield>
      <subfield code="c">CaOONL</subfield>
   </datafield>
   <datafield tag="042" ind1=" " ind2=" ">
      <subfield code="a">nlc</subfield>
      <subfield code="a">isds/c</subfield>
   </datafield>
   <datafield tag="043" ind1=" " ind2=" ">
      <subfield code="a">n-cn-ab</subfield>
   </datafield>
   <datafield tag="055" ind1="0" ind2="1">
      <subfield code="a">JL333</subfield>
   </datafield>
   <datafield tag="082" ind1="0" ind2=" ">
      <subfield code="a">328.7123</subfield>
      <subfield code="2">22</subfield>
   </datafield>
   <datafield tag="110" ind1="1" ind2=" ">
      <subfield code="a">Alberta.</subfield>
      <subfield code="b">AssembleÌ&#x81;e leÌ&#x81;gislative.</subfield>
   </datafield>
   <datafield tag="222" ind1=" " ind2="3">
      <subfield code="a">La leÌ&#x81;gislature de l'Alberta, guide du citoyen</subfield>
   </datafield>
   <datafield tag="240" ind1="0" ind2="0">
      <subfield code="a">La leÌ&#x81;gislature de l'Alberta, guide du citoyen.</subfield>
   </datafield>
   <datafield tag="245" ind1="1" ind2="3">
      <subfield code="a">La leÌ&#x81;gislature de l'Alberta, guide du citoyen.</subfield>
   </datafield>
   <datafield tag="246" ind1="3" ind2="0">
      <subfield code="a">Guide du citoyen</subfield>
   </datafield>
   <datafield tag="260" ind1=" " ind2=" ">
      <subfield code="a">[Edmonton :</subfield>
      <subfield code="b">AssembleÌ&#x81;e leÌ&#x81;gislative de l'Alberta]</subfield>
   </datafield>
   <datafield tag="310" ind1=" " ind2=" ">
      <subfield code="a">IrreÌ&#x81;gulier</subfield>
   </datafield>
   <datafield tag="362" ind1="1" ind2=" ">
      <subfield code="a">PremieÌ&#x80;re livr. en 200-?</subfield>
   </datafield>
   <datafield tag="530" ind1=" " ind2=" ">
      <subfield code="a">EÌ&#x81;galement publ. en ligne.</subfield>
   </datafield>
   <datafield tag="588" ind1=" " ind2=" ">
      <subfield code="a">Description d'apreÌ&#x80;s: 7e eÌ&#x81;d., publ. en 2010; titre pris sur la couv.</subfield>
   </datafield>
   <datafield tag="588" ind1=" " ind2=" ">
      <subfield code="a">DernieÌ&#x80;re livr. consulteÌ&#x81;e: 7e eÌ&#x81;d., publ. en 2010.</subfield>
   </datafield>
   <datafield tag="610" ind1="1" ind2="6">
      <subfield code="a">Alberta.</subfield>
      <subfield code="b">AssembleÌ&#x81;e leÌ&#x81;gislative.</subfield>
   </datafield>
   <datafield tag="610" ind1="1" ind2="0">
      <subfield code="a">Alberta.</subfield>
      <subfield code="b">Legislative Assembly.</subfield>
   </datafield>
   <datafield tag="775" ind1="0" ind2=" ">
      <subfield code="a">Alberta. AssembleÌ&#x81;e leÌ&#x81;gislative.</subfield>
      <subfield code="t">Citizen's guide to the Alberta Legislature</subfield>
      <subfield code="x">1919-8434</subfield>
   </datafield>
   <datafield tag="852" ind1=" " ind2=" ">
      <subfield code="9">1</subfield>
      <subfield code="a">CaOONL</subfield>
      <subfield code="z">PEB: non</subfield>
   </datafield>
   <datafield tag="866" ind1=" " ind2="0">
      <subfield code="9">1</subfield>
      <subfield code="a">7- 2010-</subfield>
   </datafield>
   <datafield tag="910" ind1="1" ind2=" ">
      <subfield code="a">Alberta.</subfield>
      <subfield code="b">AssembleÌ&#x81;e leÌ&#x81;gislative de l'Alberta.</subfield>
   </datafield>
   <datafield tag="910" ind1="1" ind2=" ">
      <subfield code="a">Alberta.</subfield>
      <subfield code="b">Legislative Assembly.</subfield>
   </datafield>
   <datafield tag="990" ind1="1" ind2="1">
      <subfield code="a">91001ab</subfield>
      <subfield code="b">11001ab</subfield>
   </datafield>
   <datafield tag="990" ind1="0" ind2="0">
      <subfield code="a">91002ab</subfield>
      <subfield code="b">11001ab</subfield>
   </datafield>
</record>
